<?xml version="1.0" encoding="UTF-8"?><record xmlns="http://www.loc.gov/MARC21/slim" xmlns:cinclude="http://apache.org/cocoon/include/1.0" xmlns:zs="http://www.loc.gov/zing/srw/">
  <leader>00380nz  a2200121n  4500</leader>
  <controlfield tag="001">n 2009004517</controlfield>
  <controlfield tag="003">DLC</controlfield>
  <controlfield tag="005">20090124082057.0</controlfield>
  <controlfield tag="008">090123n| acannaabn          |n aaa      </controlfield>
  <datafield tag="010" ind1=" " ind2=" ">
    <subfield code="a">n 2009004517</subfield>
  </datafield>
  <datafield tag="040" ind1=" " ind2=" ">
    <subfield code="a">DLC</subfield>
    <subfield code="b">eng</subfield>
    <subfield code="c">DLC</subfield>
  </datafield>
  <datafield tag="100" ind1="1" ind2=" ">
    <subfield code="a">Udovic, Jane Morris,</subfield>
    <subfield code="d">1947-</subfield>
  </datafield>
  <datafield tag="670" ind1=" " ind2=" ">
    <subfield code="a">Udovic, Jane Morris. Aunt Matilda's charity ball, 2009:</subfield>
    <subfield code="b">ecip t.p. (Jane Morris Udovic) data view (b. 5/6/1947)</subfield>
  </datafield>
</record>